<?xml version="1.0" encoding="UTF-8"?><collection xmlns="http://www.loc.gov/MARC21/slim"><record><leader>00525nam--2200169-i-4500</leader><controlfield tag="001">000020708</controlfield><controlfield tag="002">20161230</controlfield><controlfield tag="005">20170205002705</controlfield><controlfield tag="008">060222s1000------------r-----000-0-eng-d</controlfield><datafield ind1=" " ind2=" " tag="080"><subfield code="a">514.7(061.3)</subfield></datafield><datafield ind1="1" ind2=" " tag="100"><subfield code="a">Antoine, Jean-Pierre</subfield></datafield><datafield ind1=" " ind2=" " tag="245"><subfield code="a">Quantization, coherent states, and complex structures</subfield><subfield code="c">J.-P. Antoine, Ali Twareque, W. Lisiecki, I.M. Mladenov, A. Odzijewicz (eds.)</subfield></datafield><datafield ind1=" " ind2=" " tag="260"><subfield code="a">Plenum Press</subfield><subfield code="c">1994</subfield></datafield><datafield ind1=" " ind2=" " tag="300"><subfield code="a">302 p</subfield></datafield><datafield ind1="1" ind2=" " tag="700"><subfield code="a">Odzijewicz, Anatol</subfield><subfield code="e">Ed</subfield></datafield><datafield ind1=" " ind2=" " tag="852"><subfield code="a">80601</subfield><subfield code="c">513</subfield></datafield><datafield ind1=" " ind2=" " tag="CAT"><subfield code="a">SYS</subfield><subfield code="c">20170205</subfield><subfield code="h">002705</subfield></datafield></record></collection>